<record><leader>00000cas a2200000 a 4500</leader><controlfield tag="001">14348993</controlfield><controlfield tag="008">861006c19439999pauer ne      0   a0eng d</controlfield><datafield ind1=" " ind2=" " tag="010"><subfield code="a">sn 89077236 </subfield></datafield><datafield ind1=" " ind2=" " tag="040"><subfield code="a">WIH</subfield><subfield code="b">eng</subfield><subfield code="c">WIH</subfield><subfield code="d">NPH</subfield><subfield code="d">OCL</subfield><subfield code="d">OCLCQ</subfield><subfield code="d">OCLCF</subfield><subfield code="d">OCL</subfield><subfield code="d">OCLCO</subfield></datafield><datafield ind1="1" ind2=" " tag="029"><subfield code="a">AU@</subfield><subfield code="b">000020586098</subfield></datafield><datafield ind1=" " ind2=" " tag="037"><subfield code="b">SDSLE-SY, Letterkenny Army Depot, Chambersburg, Pa., 17201-4150</subfield></datafield><datafield ind1=" " ind2=" " tag="042"><subfield code="a">msc</subfield></datafield><datafield ind1=" " ind2=" " tag="043"><subfield code="a">n-us-pa</subfield></datafield><datafield ind1="0" ind2="0" tag="245"><subfield code="a">Kenny letter.</subfield></datafield><datafield ind1=" " ind2=" " tag="260"><subfield code="a">Chambersburg, Pa. :</subfield><subfield code="b">Letterkenny Ordnance Depot Personnel,</subfield><subfield code="c">1943-</subfield></datafield><datafield ind1=" " ind2=" " tag="300"><subfield code="a">v. :</subfield><subfield code="b">ill. ;</subfield><subfield code="c">41-57 cm.</subfield></datafield><datafield ind1=" " ind2=" " tag="310"><subfield code="a">Monthly,</subfield><subfield code="b">1954-</subfield></datafield><datafield ind1=" " ind2=" " tag="321"><subfield code="a">Frequency varies</subfield></datafield><datafield ind1="0" ind2=" " tag="362"><subfield code="a">Vol. 1, no. 2 (Aug. 20, 1943)-</subfield></datafield><datafield ind1=" " ind2=" " tag="500"><subfield code="a">Publisher: Letterkenny Army Depot, &lt;1981&gt;.</subfield></datafield><datafield ind1=" " ind2=" " tag="521"><subfield code="a">" ... for civilian and military personnel of LEAD, HQDESCOM, LSSA, USACC, DPDO, 28th and attached activities."</subfield></datafield><datafield ind1=" " ind2=" " tag="530"><subfield code="a">Available on microfilm from the State Historical Society of Wisconsin.</subfield></datafield><datafield ind1=" " ind2=" " tag="588"><subfield code="a">Latest issue consulted: Vol. 37, no. 21 (July 22, 1986).</subfield></datafield><datafield ind1="1" ind2="0" tag="610"><subfield code="a">United States.</subfield><subfield code="b">Army</subfield><subfield code="x">Ordnance and ordnance stores</subfield><subfield code="v">Newspapers.</subfield></datafield><datafield ind1="1" ind2="7" tag="610"><subfield code="a">United States.</subfield><subfield code="b">Army.</subfield><subfield code="2">fast</subfield><subfield code="0">(OCoLC)fst00533532</subfield></datafield><datafield ind1=" " ind2="7" tag="650"><subfield code="a">Armed Forces</subfield><subfield code="x">Ordnance and ordnance stores.</subfield><subfield code="2">fast</subfield><subfield code="0">(OCoLC)fst01351845</subfield></datafield><datafield ind1=" " ind2="7" tag="655"><subfield code="a">Newspapers.</subfield><subfield code="2">fast</subfield><subfield code="0">(OCoLC)fst01423814</subfield></datafield><datafield ind1="1" ind2=" " tag="710"><subfield code="a">Letterkenny Army Depot (Pa.).</subfield><subfield code="b">Public Affairs Office.</subfield></datafield><datafield ind1=" " ind2=" " tag="752"><subfield code="a">United States</subfield><subfield code="b">Pennsylvania</subfield><subfield code="c">Franklin</subfield><subfield code="d">Chambersburg.</subfield></datafield></record>